// articoli
@article{windback,
    author = {Lupone, Michelangelo and Bianchini, Laura and Lanzalone, Silvia and Gabriele, Alessio},
    title = "{Research at Rome's Centro Ricerche Musicali on Interactive and Adaptive Installations and on Augmented Instruments}",
    journal = {Computer Music Journal},
    volume = {44},
    number = {2-3},
    pages = {133-158},
    year = {2021},
    month = {07},
    issn = {0148-9267},
    doi = {10.1162/comj_a_00570}
}

@book{mb:rmifddXeXII,
	author = {Bertoncini, Mario},
	publisher = {Aracne},
	title = {Ragionamenti musicali in forma di dialogo: X e XII},
	year = {2013}
}

@Book{Feynman2020,
  author    = {Richard P. Feynman},
  editor    = {Jeffrey Robbins},
  publisher = {Adelphi},
  title     = {Il piacere di scoprire},
  year      = {2020},
  isbn      = {9788845935329},
  series    = {Gli Adelphi}
}

@InCollection{Nono1985,
  author    = {Nono, Luigi},
  booktitle = {Scritti e Colloqui I},
  publisher = {Ricordi LIM},
  title     = {Altre possibilit\`a di ascolto},
  year      = {1985},
  editor    = {De Benedictis, Angela Ida and Rizzardi, Veniero},
}

@Book{Candiani2021,
  author    = {Candiani, Chandra Livia},
  publisher = {Einaudi},
  title     = {Questo immenso non sapere. Conversazioni con alberi, animali e il cuore},
  year      = {2021},
}

@Book{Barthes2021,
  author    = {Roland Barthes},
  publisher = {L'Orma Editore},
  title     = {Cos'\`e uno scandalo. Scritti inediti 1933-1980. Testi su se stesso, l'arte, la scrittura e la societ\`a},
  year      = {2021},
}

@book{ferraris2014,
  title={Documentalit{\`a}: Perch{\'e} {\`e} necessario lasciar tracce},
  author={Ferraris, Maurizio},
  isbn={9788858111895},
  series={Biblioteca Universale Laterza},
  year={2014},
  publisher={Editori Laterza}
}

@book{agamben2008che,
  title={Che cos'{\`e} il contemporaneo?},
  author={Agamben, G.},
  series={I sassi},
  year={2008},
  publisher={Nottetempo}
}

@book{jps:immaginario,
   title =     {L'immaginario. Psicologia fenomenologica dell'immaginazione},
   author =    {Jean-Paul Sartre, Raoul Kirchmayr (editor)},
   publisher = {Einaudi},
   year =      {2007},
   series =    {Piccola biblioteca Einaudi. Filosofia}
}

@book{guaccero2005iter,
  title={Un iter segnato: scritti e interviste},
  author={Guaccero, D. and Mastropietro, A.},
  isbn={9788870964233},
  series={Le sfere},
  year={2005},
  publisher={Ricordi}
}

@book{stefani,
  title={Musica: dall'esperienza alla teoria},
  author={Stefani, Gino},
  year={1998},
  publisher={Casa Ricordi}
}

@book{branchi1977tecnologia,
  title={Tecnologia della musica elettronica},
  author={Branchi, Walter},
  year={1977},
  publisher={Lerici}
}

@book{mari2002,
  title={Autoprogettazione?},
  author={Mari, Enzo},
  year={2002},
  publisher={Corraini Edizioni}
}

// video
@Misc{Cacciari1995,
  author = {Cacciari, Massimo},
  title  = {Silenzio e ascolto nella musica di {L}uigi {N}ono},
  year   = {1995},
  url    = {https://youtu.be/ueA8xVE5WV8},
}

@Misc{lz:evangelisti,
  author = {Zaccone, Leonardo},
  title  = {È dopo - appunti su Franco Evangelisti},
  year   = {2023}
}

@Misc{netti23,
  author = {Netti, Giorgio},
  title  = {Che cos'è uno strumento},
  year   = {2023},
  url    = {https://youtu.be/CoSVrkYYo3w},
}

// web
@Misc{gs:cad,
  author = {Silvi, Giuseppe},
  title  = {canto alla durata},
  year={2021},
  url= {https://gitlab.com/giuseppesilvi/canto-alla-durata}
}

@Misc{gs:psq,
  title = {Perché siete qui},
  author = {Silvi, Giuseppe},
  year = {2022},
  url = {https://gitlab.com/giuseppesilvi/perche-siete-qui}
}

@Misc{gs:pto,
  title = {Pensare Tetraedrico Oggi},
  author = {Silvi, Giuseppe},
  year = {2021},
  url = {https://gitlab.com/giuseppesilvi/pto}
}

// catalogo
@incollection{gs:artQ13,
  author    = "Silvi, Giuseppe",
  editor    = "artQ13",
  title     = "canto alla durata",
  booktitle = "Synchronicities",
  year      = 2023,
  publisher = "Moretti Editore"
}
